<?xml version="1.0" encoding="UTF-8"?><collection xmlns="http://www.loc.gov/MARC21/slim"><record><leader>00402nam--2200169-i-4500</leader><controlfield tag="001">000007725</controlfield><controlfield tag="002">20161230</controlfield><controlfield tag="005">20170220010043</controlfield><controlfield tag="008">060222s1000------------r-----000-0-eng-d</controlfield><datafield ind1=" " ind2=" " tag="100"><subfield code="a">Coet, P</subfield></datafield><datafield ind1=" " ind2=" " tag="245"><subfield code="a">High voltage technology course harwell</subfield></datafield><datafield ind1=" " ind2=" " tag="260"><subfield code="a">F.Loc</subfield><subfield code="b">F.Ed</subfield></datafield><datafield ind1=" " ind2=" " tag="300"><subfield code="a">3 p</subfield></datafield><datafield ind1=" " ind2=" " tag="490"><subfield code="a">Mps/Int.Dl-30</subfield></datafield><datafield ind1=" " ind2=" " tag="700"><subfield code="a">Fiander, D. C</subfield></datafield><datafield ind1=" " ind2=" " tag="852"><subfield code="a">621.384.658</subfield></datafield><datafield ind1=" " ind2=" " tag="CAT"><subfield code="a">SYS</subfield><subfield code="c">20170220</subfield><subfield code="h">010043</subfield></datafield></record></collection>